<record><leader>00000cas a2200000Ma 4500</leader><controlfield tag="001">10896074</controlfield><controlfield tag="008">840628d18591862nhuwr ne      0    0eng d</controlfield><datafield ind1=" " ind2=" " tag="010"><subfield code="a">sn 84023609 </subfield></datafield><datafield ind1=" " ind2=" " tag="040"><subfield code="a">AQM</subfield><subfield code="b">eng</subfield><subfield code="c">AQM</subfield><subfield code="d">OCLCQ</subfield></datafield><datafield ind1="0" ind2="0" tag="245"><subfield code="a">Coos County Democrat, and northern press.</subfield></datafield><datafield ind1=" " ind2=" " tag="260"><subfield code="a">North Stratford, N.H. :</subfield><subfield code="b">Chas. D. Johnson &amp; Co.</subfield></datafield><datafield ind1=" " ind2=" " tag="300"><subfield code="a">v.</subfield></datafield><datafield ind1=" " ind2=" " tag="310"><subfield code="a">Weekly</subfield></datafield><datafield ind1="1" ind2=" " tag="362"><subfield code="a">Began in 1859; ceased in 1862?</subfield><subfield code="z">Cf. Amer. newspapers, 1821-1936.</subfield></datafield><datafield ind1=" " ind2=" " tag="500"><subfield code="a">Publisher: Chas. D. Johnson &amp; Co., &lt;1859&gt;; J.J. Johnson &amp; Co., &lt;1861&gt;.</subfield></datafield><datafield ind1=" " ind2=" " tag="500"><subfield code="a">"Democratic."</subfield></datafield><datafield ind1=" " ind2=" " tag="588"><subfield code="a">Description based on: New ser. v. 2, no. 8 (June 22, 1859).</subfield></datafield><datafield ind1=" " ind2="7" tag="655"><subfield code="a">Newspapers.</subfield><subfield code="2">rbgenr</subfield></datafield><datafield ind1=" " ind2=" " tag="752"><subfield code="a">United States</subfield><subfield code="b">New Hampshire</subfield><subfield code="c">Coos</subfield><subfield code="d">North Stratford.</subfield></datafield><datafield ind1="0" ind2="0" tag="780"><subfield code="t">Coos County Democrat</subfield><subfield code="w">(DLC)sn 84023608</subfield></datafield></record>